
@article{__2019,
	title = {中亚国家社会稳定影响因素探析——基于基础性因素和冲击性因素的综合分析},
	issn = {1671-8461},
	url = {https://kns.cnki.net/KCMS/detail/detail.aspx?dbcode=CJFD&dbname=CJFDLAST2019&filename=EAST201903005&v=},
	abstract = {本文通过基础性因素和冲击性因素两个分析框架,归纳总结出影响中亚社会稳定的主要因素:核心领导人、公民共同意识、传统社会、经济稳定性、公民(青年)群体、贫困问题、治理能力、外部因素。其中核心领导人因素对社会稳定起着至关重要的作用,显示中亚国家社会治理理念主要是刚性治理观,社会稳定具有一定的脆弱性;中亚国家长期得以保持社会基本稳定,其原因主要是政治利益冲突的表现方式和激烈程度有所改变,核心领导人的稳定性以及传统社会发挥重要作用。未来几年中亚国家社会形势总体趋稳,但长期社会基本问题复合性特征突出,民生问题需高度重视。权力交接对中亚国家社会稳定构成最大考验。},
	language = {zh-CN},
	number = {3},
	journal = {俄罗斯东欧中亚研究},
	author = {苏, 畅},
	year = {2019},
	note = {8 citations(CNKI)[2023-2-3]{\textless}CSSCI, AMI{\textgreater}},
	keywords = {社会稳定, 冲击性因素, 基础性因素, 中亚},
	pages = {61--83+156--157},
	file = {中亚国家社会稳定影响因素探...因素和冲击性因素的综合分析_苏畅.caj:C\:\\Users\\yuhangmeng\\Zotero\\storage\\XHIEN8FD\\中亚国家社会稳定影响因素探...因素和冲击性因素的综合分析_苏畅.caj:application/pdf},
}

@phdthesis{__2019-1,
	type = {硕士},
	title = {风险社会下社会稳定指数及其指标体系研究},
	url = {https://kns.cnki.net/KCMS/detail/detail.aspx?dbcode=CMFD&dbname=CMFD201902&filename=1019106662.nh&v=},
	abstract = {社会转型时期,我国面临的风险因素繁杂多元,新旧类型的矛盾与冲突交织,社会整体呈现高不确定性、高复杂化特征,风险社会俨然成为我国现代化进程的现实背景。这对社会治理水平提出了更高的要求,政府亟需科学有效的手段规避社会风险,解决社会问题以实现社会的和谐稳定。鉴于此,本研究引入指数建构方法,试图搭建一套能够客观反映社会稳定状况、实时监测社会稳定动态以及预测预警社会稳定风险的社会稳定指数指标体系。本研究首先基于风险社会理论与社会治理理论,结合社会稳定指数研究相关文献,对社会稳定与社会稳定风险的概念进行深入剖析,归纳总结了影响社会稳定的风险因素并搭建了维度模型,具体而言包括自然灾害、政治、经济、社会、人口、公共卫生与生态环境七大模块。在此基础上,设计并选取细分评价指标,形成完整的三层次指标体系,共包括7个一级指标,17个二级指标和50个三级指标。其后,通过向政府人员与专家发放层次分析法调查问卷,计算各级指标权重,并确定指数合成方案。为进一步验证及分析指数运行效果,本研究最终选取了十五座新一线城市为研究对象,对涉及数据进行处理计算。结果表明,2015-2017年新一线城市社会稳定情况总体良好,社会治理成效颇为可观,但个别城市得分排名急剧波动的情况亦不乏存在。整体上对各地社会稳定情况威胁最大的因素分布在人口、经济与生态环境领域,需要政府加强监管,采取针对性治理对策及行为。},
	language = {zh-CN},
	school = {浙江大学},
	author = {童, 余美},
	collaborator = {陈, 丽君},
	year = {2019},
	note = {5 citations(CNKI)[2023-2-3]},
	keywords = {社会稳定风险, Social governance, 风险社会, 社会稳定指数, 社会治理, Indicator system, Social stability index, Social stability risk, 指标体系 Risk society},
	file = {风险社会下社会稳定指数及其指标体系研究_童余美.caj:C\:\\Users\\yuhangmeng\\Zotero\\storage\\Q58LHGS8\\风险社会下社会稳定指数及其指标体系研究_童余美.caj:application/octet-stream},
}

@article{_px_2018,
	title = {{PX项目社会稳定风险的特征与影响因素分析}},
	volume = {10},
	issn = {1674-4969},
	url = {https://kns.cnki.net/kcms/detail/detail.aspx?dbcode=CJFD&dbname=CJFDLAST2018&filename=GCKG201803007&uniplatform=NZKPT&v=iWT6ByKnaGFtqhr7HB-CI01PyZPrY5ldAtmTCaYkB4vNBvOou7e21eTWOXojG8Zd},
	abstract = {我国PX(对二甲苯)项目建设屡遭民众反对,群体事件频发,社会稳定风险严重。本文通过定量分析揭示了民众、政府和化工企业三大主体间的关系对PX项目的社会稳定风险的深刻影响。调查表明,民众对PX误解严重,对地方政府和化工企业有强烈的不信任感。通过运用主成分分析、逻辑回归、χ{\textasciitilde}2分析等方法,研究证明上述事实显著地导致民众对PX项目建设反对态度强硬、忧虑情绪严重并有明确的采取维权行动的意向。因此,为降低PX项目的社会稳定风险,应增进民众对PX项目的了解,为民众提供参与项目决策的合法渠道,重建民众对政府和化工企业的信任。},
	language = {zh-CN},
	number = {03},
	urldate = {2023-02-02},
	journal = {工程研究-跨学科视野中的工程},
	author = {尹, 海洁 and 姜, 瑞 and 林, 培妍},
	year = {2018},
	keywords = {社会稳定风险, 认知, 信任, cognition, PX (paraxylene) project, PX(对二甲苯)项目, social stability risk, trust},
	pages = {276--287},
	file = {Full Text PDF:C\:\\Users\\yuhangmeng\\Zotero\\storage\\NES962Z9\\尹 等 - 2018 - PX项目社会稳定风险的特征与影响因素分析.pdf:application/pdf},
}

@article{_dematel-ism_2023,
	title = {{基于DEMATEL}-{ISM的高校实验室火灾爆炸事故影响因素分析}},
	volume = {44},
	issn = {1002-3631},
	url = {https://kns.cnki.net/kcms2/article/abstract?v=3uoqIhG8C44YLTlOAiTRKu87-SJxoEJu6LL9TJzd50lou3biAwj5uwKmOtyhxTPWs6IvHDWcFS8Ve-_715RAWCOlBZJwPEll&uniplatform=NZKPT},
	doi = {10.19737/j.cnki.issn1002-3631.2023.01.004},
	abstract = {为分析高校实验室火灾爆炸事故风险因素，以2001-2021年56起高校实验室火灾爆炸事故的特征及影响因素为基础，构建11个高校实验室火灾爆炸事故风险影响因素，采用DEMATEL-ISM方法分析影响因素间的层次关系，提出实验室火灾爆炸事故防范措施。结果表明：在实验室火灾爆炸事故中，人为因素、设备因素和管理因素导致的事故占比较高；实验室火灾爆炸事故影响因素可分为直接因素、中间因素和深层因素3个层次；实验人员安全意识薄弱、实验设备存在安全隐患、实验条件存在安全隐患、实验安全检查不当、安全规章制度缺乏这5个因素应予以重点关注；应从安全制度建设、加大安全投入等方面提升实验室安全性。},
	language = {zh-CN},
	number = {1},
	urldate = {2023-02-03},
	journal = {安全},
	author = {卢, 红奇 and 邵, 士哲 and 刘, 彦伟 and 陈, 秀娟},
	year = {2023},
	keywords = {防范措施, 火灾爆炸事故, 解释结构模型法(ISM), 决策实验室分析(DEMATEL), 实验室安全, 影响因素, decision-making trial and evaluation laboratory(DEMATEL), fire and explosion accident, influence factor, interpretative structural modeling method(ISM), laboratory safety, preventive measure},
	pages = {23--31},
	file = {Full Text PDF:C\:\\Users\\yuhangmeng\\Zotero\\storage\\VV8S37QQ\\卢 等 - 2023 - 基于DEMATEL-ISM的高校实验室火灾爆炸事故影响因素分析.pdf:application/pdf},
}

@misc{noauthor__nodate,
	title = {专家告诉你，什么叫“明显的‘颜色革命’特征” - 川观新闻},
	url = {https://cbgc.scol.com.cn/news/166560},
	abstract = {“颜色革命”背后有什么深层含义？它的表现手法有哪些？},
	language = {zh-CN},
	urldate = {2023-02-05},
	file = {Snapshot:C\:\\Users\\yuhangmeng\\Zotero\\storage\\KUVPCYG3\\166560.html:text/html},
}

@misc{noauthor_8_nodate,
	title = {十余年了，被美国发动颜色革命的8个国家，现在怎么样了？},
	url = {https://baijiahao.baidu.com/s?id=1709418444082391414&wfr=spider&for=pc&qq-pf-to=pcqq.group},
	language = {zh-CN},
	urldate = {2023-02-05},
}

@phdthesis{__2021,
	type = {硕士},
	title = {藏区社会稳定风险研究},
	url = {https://kns.cnki.net/KCMS/detail/detail.aspx?dbcode=CMFD&dbname=CMFD202301&filename=1021601181.nh&v=},
	abstract = {维护藏区社会稳定是维护全国稳定的重要任务,当前对藏区社会稳定的研究相对稳定,社会稳定风险评估机制的研究也较为成熟,但评估方式的多种多样,实际操作与实践融合不高,影响藏区社会稳定的具体风险分析研究相对较少。作为藏区的基层工作人员,笔者主要从事藏区社会维稳工作,掌握着诸多一手资料,便于客观地分析和明确藏区社会稳定问题。本文旨在贯彻新时代党中央的治藏方略,紧扣藏区社会稳定与新型冠状病毒肺炎疫情叠加影响的双重性风险维度,以甘孜藏区康定市为研究对象,基于风险社会理论,梳理出新冠肺炎疫情肆虐下的藏区在特定群体和重点工作中面临的社会稳定风险,并将这些风险点运用社会燃烧理论加以阐述,提炼出风险因素并分析其演变可能引发的社会稳定问题,提出防范和化解藏区社会稳定风险的举措,聚焦于做人与做事相结合的思路,针对特定群体,做好宗教人士的培养,普通群众的教育引导,人才队伍的建设;针对藏区内部的重点工作,通过构建应急指挥体系加强藏区应对风险的能力,强化意识形态工作激发人民对国家的认同,提高公共服务质量保障藏区人民的民生幸福,推进特色农业建设提升藏区人民的经济基础,阻断社会燃烧的必备条件,把握各类社会稳定风险演变形势,主动防范,积极应对,系统化解各类社会不稳定矛盾,维护我国藏区社会和谐稳定。},
	language = {zh-CN},
	school = {西南政法大学},
	author = {刘, 茜},
	collaborator = {吴, 喜},
	year = {2021},
	keywords = {藏区, 社会稳定, 新冠肺炎, Risks to social stability, Social Stability, Tibetan area, 社会稳定风险 COVID-19},
	file = {藏区社会稳定风险研究_刘茜.caj:C\:\\Users\\yuhangmeng\\Zotero\\storage\\67LU96DE\\藏区社会稳定风险研究_刘茜.caj:application/octet-stream},
}

@article{_19862019_2021,
	title = {惩罚确定性与犯罪控制——基于1986—2019年司法统计数据的研究},
	volume = {15},
	issn = {1673-9280},
	url = {https://kns.cnki.net/KCMS/detail/detail.aspx?dbcode=CJFD&dbname=CJFDLAST2021&filename=QHFX202105009&v=},
	abstract = {犯罪增长和冤假错案问题近年来讨论热烈,但惩罚不确定和威吓不足所导致的错放问题却鲜有研究。1986—2019年的法律年鉴数据显示,刑事司法虽在命案控制方面成效显著,但对其他类型犯罪应对不足甚至放纵也是其重要特征。具体表现为:破案和逮捕、起诉、审判率低,且呈明显递减趋势;疑似犯罪不立案、不起诉,职务犯罪受案、立案量都显著下降;拘役和非监禁刑比重成倍上升,刑罚不当轻缓化现象明显。时间序列分析显示,各种惩罚不确定性指标对犯罪增长有显著影响。中国在转型时期需坚持惩罚确定性,继续用严格的刑事司法措施和监禁刑控制犯罪。},
	language = {zh-CN},
	number = {5},
	journal = {清华法学},
	author = {熊, 谋林},
	year = {2021},
	note = {{\textless}北大核心, CSSCI, AMI{\textgreater}},
	keywords = {惩罚确定性, 逮捕率, 监禁刑, 破案率, 威吓理论},
	pages = {128--145},
	file = {惩罚确定性与犯罪控制——基...019年司法统计数据的研究_熊谋林.pdf:C\:\\Users\\yuhangmeng\\Zotero\\storage\\E4DGWIGU\\惩罚确定性与犯罪控制——基...019年司法统计数据的研究_熊谋林.pdf:application/pdf},
}

@phdthesis{__2022,
	type = {硕士},
	title = {俄罗斯官方对“颜色革命”的认知变化及其应对分析},
	url = {https://kns.cnki.net/KCMS/detail/detail.aspx?dbcode=CMFD&dbname=CMFD202202&filename=1022577170.nh&v=},
	abstract = {自本世纪初以来,“颜色革命”的出现对不少转型国家的内外发展构成新挑战。作为转型大国的俄罗斯也给予防范和应对“颜色革命”高度重视,并上升到国家战略高度。2015年12月发布的《2020年前俄罗斯联邦国家安全战略》中,俄罗斯首次明确将“颜色革命”列为“对国家和公共安全的主要威胁”之一。2021年7月普京总统批准的最新版《俄罗斯联邦国家安全战略》中,“颜色革命”被进一步认定为“干涉俄罗斯内政、危害其国家利益的主要威胁”之一。通过梳理俄罗斯相关官方文件及其高官的公开表态发现:俄罗斯官方对“颜色革命”的认知存在着一个动态变化的过程,而这种认知的变化也影响着俄罗斯防范“颜色革命”的具体举措。本文首先结合时间范围、地理范围与内涵特征,对“颜色革命”进行概念界定。在此基础上,以2003-2007年、2008-2013年和2014年至今三个时段,就俄罗斯官方对“颜色革命”的认识展开详细分析,并提炼出不同阶段的认知内涵,发现俄罗斯官方对“颜色革命”的认知呈现出重视程度不断提高、理解批判逐渐深入、观察认识与时俱进等特征。而导致这些变化的主要原因包括:俄罗斯面临地缘空间挑战,与美西方关系恶化;国家能力建设不足,国家发展面临挑战;与青年相关的社会问题面临严峻压力等。为应对“颜色革命”的潜在挑战与威胁,俄罗斯官方采取了一系列的防范举措,主要包括:多方位阻断“颜色革命”的演变路径;提高本国话语能力,对抗西式“民主输出”。最后对俄罗斯官方防范“颜色革命”的经验进行总结,提出防范和应对“颜色革命”的“俄式路径”:主要遵循以对内提高“免疫力”、对外构建“保护伞”的“双管齐下”方式。},
	language = {zh-CN},
	school = {华东师范大学},
	author = {朱, 姚情},
	collaborator = {万, 青松},
	year = {2022},
	keywords = {认知, “颜色革命”, 俄罗斯, 防范, 国家安全 “Color Revolution”, Cognition, Countermeasures, National Security, Russia},
	file = {俄罗斯官方对“颜色革命”的认知变化及其应对分析_朱姚情.caj:C\:\\Users\\yuhangmeng\\Zotero\\storage\\S46X7B43\\俄罗斯官方对“颜色革命”的认知变化及其应对分析_朱姚情.caj:application/octet-stream},
}

@phdthesis{__2020,
	type = {硕士},
	title = {共享金融与社会稳定问题研究},
	url = {https://kns.cnki.net/KCMS/detail/detail.aspx?dbcode=CMFD&dbname=CMFD202002&filename=1020901899.nh&v=},
	abstract = {共享金融作为新的经济形式在我国迅猛发展的同时,出现了诸如P2P网络借贷平台频繁“爆雷”、虚假公益众筹、供应链金融核心平台因资金的流动性风险压力大导致下游企业生存困难,这些新出现的问题,由于涉及人员众多、财产损失重大、有关部门不能及时处理,导致形成了新的维权群体,他们争取和维护自身权益,进行规模性聚集,对社会秩序和社会稳定造成了一定的影响;部分人参与P2P网络借贷活动被非法套路贷后沦为负债累累的新贫困群体,他们生活消极厌世、存在社会不满思想,对和谐社会形成了一定的潜在风险。本文从社会控制视角,对共享金融与社会稳定之间的内在联系进行分析,重点分析共享金融发展过程中存在的问题如何影响着社会稳定,以及因参与共享金融后产生的新的维权群体和新的贫困群体他们的行为对社会稳定产生的影响。共享金融有助于中小企业融资,提供更多的社会就业岗位,为金融弱势群体提供金融服务,助力提高生产和生活质量,稳定社会结构。共享金融能有效解决供需双方配给和信息不对称,缓解金融脆弱性,促进金融稳定,金融稳、经济稳、社会稳。共享金融在促进经济发展和社会稳定的同时,由于平台私设资金池、经营不善、非法操作等情况引发了不少严重的社会问题,也对社会稳定产生了消极影响。共享金融的便捷性为洗钱和恐怖融资提供了方便,对国家安全埋下了隐患;大量共享金融平台倒闭,平台负责人跑路,非法集资类案件增多、维权人数增加;少数民间借贷打着P2P网络借贷的旗号开展业务,出现套路贷、校园贷、裸贷等,导致社会关系紧张、不满群体增多,有少数人做出自杀极端行为,社会管理难度加大。共享金融健康有序发展利于社会稳定,对共享金融领域出现的问题国家应从宏观角度,加强平台监管,引导理性投资;畅通维权渠道,化解潜在隐患。同时公安机关作为维护国家安全和社会稳定的重要部门,也应从维稳角度开展工作,加强信息收集、建立预警机制;严厉打击违法犯罪活动,维护经济领域的安全与稳定。},
	language = {zh-CN},
	school = {中国人民公安大学},
	author = {王, 彬},
	collaborator = {孙, 先伟 and 赵, 志},
	year = {2020},
	keywords = {社会稳定, 共享金融, 资金, Funds, Social governance, Social stability, 社会管理 Sharing financing},
	file = {共享金融与社会稳定问题研究_王彬.caj:C\:\\Users\\yuhangmeng\\Zotero\\storage\\ZEZJ7N7T\\共享金融与社会稳定问题研究_王彬.caj:application/octet-stream},
}

@article{__2003,
	title = {关于社会风险预警机制问题的思考},
	issn = {0257-5833},
	url = {https://kns.cnki.net/KCMS/detail/detail.aspx?dbcode=CJFD&dbname=CJFD2003&filename=SHKX200307009&v=},
	abstract = {中国正在经历一个社会转型期 ,由此引起的社会结构重组必然会引发种种社会问题与社会冲突 ,并滋生社会风险。为了把社会风险控制在一定范围之内 ,确保改革的社会成本与代价不超出社会的承受能力 ,维护社会的相对稳定 ,必须建立健全社会预警机制。文章就监控、预警社会风险的可行性、社会预警机制的架构及其运作等进行了探讨。},
	language = {zh-CN},
	number = {7},
	journal = {社会科学},
	author = {邓, 伟志},
	year = {2003},
	note = {159 citations(CNKI)[2023-2-5]{\textless}北大核心, CSSCI{\textgreater}},
	keywords = {指标体系, 社会风险, 预警机制},
	pages = {65--71},
	file = {关于社会风险预警机制问题的思考_邓伟志.caj:C\:\\Users\\yuhangmeng\\Zotero\\storage\\55NHGYWY\\关于社会风险预警机制问题的思考_邓伟志.caj:application/octet-stream},
}

@article{__2017,
	title = {国际政治动荡的社会预警分析},
	volume = {25},
	issn = {1008-7095},
	url = {https://kns.cnki.net/KCMS/detail/detail.aspx?dbcode=CJFD&dbname=CJFDLAST2017&filename=SHJX201703003&v=},
	doi = {10.13806/j.cnki.issn1008-7095.2017.03.003},
	abstract = {"颜色革命"和"阿拉伯之春"作为21世纪两次有代表性的国际政治运动,在成因和后果方面有许多共通之处。本文通过选取GDP增长、腐败程度、政治自由和媒介自由这四方面的国际同比数据进行定量分析,建立起了政治动荡运动一级预警、二级预警和相对安全的三级社会预警体系。中国目前处于社会转型的关键时期,需在经济、反腐和文化建设上对可能发生的政治动荡予以针对性的回应。研究发现,经济稳定是避免发生社会政治动荡的首要保障,全力反腐,控制社会不公,降低两极分化趋势是预防社会政治动荡的必要举措。},
	language = {zh-CN},
	number = {3},
	journal = {上海交通大学学报(哲学社会科学版)},
	author = {徐, 剑 and 谢, 添},
	year = {2017},
	note = {{\textless}北大核心, CSSCI{\textgreater}},
	keywords = {阿拉伯之春, 动荡社会, 国际政治, 颜色革命, 预警 Color Revolution, international political unrest, social alarming, the Arab Spring},
	pages = {23--33},
	file = {国际政治动荡的社会预警分析_徐剑.pdf:C\:\\Users\\yuhangmeng\\Zotero\\storage\\PYWEMXMI\\国际政治动荡的社会预警分析_徐剑.pdf:application/pdf},
}

@article{_dematel_2023,
	title = {{基于DEMATEL方法的高校学生应急能力影响因素分析}},
	volume = {44},
	issn = {1672-7312},
	url = {https://kns.cnki.net/KCMS/detail/detail.aspx?dbcode=CJFD&dbname=CJFDAUTO&filename=KJRC202301012&v=},
	doi = {10.14090/j.cnki.jscx.2023.0112},
	abstract = {为有效提高高校学生应急能力，减少高校突发事件发生率，从应急过程、应急环境和能力要素3个维度建立应急能力结构模型，以结构模型为导向从学生个体、高校、社会和家庭等方面提取了13个影响因素组成应急能力影响因素体系。采用DEMATEL方法对影响应急能力因素的中心度、原因度进行了分析，利用多次迭代辨别原因因素和结果因素，理清了应急能力影响因素间的逻辑关系，依据因素间的干扰度建立了金字塔形影响关系结构图。结果表明，应急组织是相对最终的原因因素，思想政治是最终的结果因素，应急准备是关键因素，据此提出了突出思想政治教育、增强高校应急组织建设、落实应急技能培养、推动高校相关应急机制建设等策略。},
	language = {zh-CN},
	number = {1},
	journal = {技术与创新管理},
	author = {宋, 军 and 李, 芳 and 李, 忠洪},
	year = {2023},
	keywords = {影响因素, 结构模型, 提升策略 structural model, 应急能力, DEMATEL method, DEMATEL方法, emergency response ability, influencing factors, promotion strategy},
	pages = {90--96},
	file = {基于DEMATEL方法的高校学生应急能力影响因素分析_宋军.caj:C\:\\Users\\yuhangmeng\\Zotero\\storage\\9MEJP3H3\\基于DEMATEL方法的高校学生应急能力影响因素分析_宋军.caj:application/octet-stream},
}

@article{__2013,
	title = {基于未确知测度理论的特长隧道施工安全风险评价},
	volume = {31},
	issn = {1000-7857},
	url = {https://kns.cnki.net/KCMS/detail/detail.aspx?dbcode=CJFD&dbname=CJFD2013&filename=KJDB201315020&v=},
	abstract = {针对特长隧道施工风险评价中常存在诸多不确定性因素的问题,本文提出一种基于未确知测度理论的特长隧道施工风险性评价新方法。根据特长隧道事故的特点及成因,选取支护措施等15项未确知测度函数评价指标,建立了特长隧道施工风险分级预测的未确知测度评价模型;利用信息熵计算各评价指标的权重,依照置信度识别准则进行等级判定,得出特长隧道工程施工风险评价分级预测的评价结果;并应用于某一特长铁路隧道工程实际,成功评定出该隧道综合风险等级为II级。结果表明,该方法不仅能给出特长隧道施工期间的风险等级,并且能够更客观地反映特长隧道施工过程中危险源的情况,为隧道工程施工风险性评价提供了一种新途径。},
	language = {zh-CN},
	number = {15},
	journal = {科技导报},
	author = {刘, 敦文 and 彭, 怀德},
	year = {2013},
	note = {12 citations(CNKI)[2023-2-5]{\textless}北大核心, CSCD{\textgreater}},
	keywords = {风险评价, 特长隧道, 未确知测度, 信息熵, 置信度 super long tunnel, confidence, information entropy, risk evaluation, uncertainty measurement},
	pages = {31--34},
	file = {基于未确知测度理论的特长隧道施工安全风险评价.caj:C\:\\Users\\yuhangmeng\\Zotero\\storage\\CWTMKBUF\\基于未确知测度理论的特长隧道施工安全风险评价.caj:application/pdf},
}

@article{__2021-1,
	title = {浅谈白俄罗斯成功应对三次“颜色革命”的原因及启示},
	issn = {1008-5874},
	url = {https://kns.cnki.net/KCMS/detail/detail.aspx?dbcode=CJFD&dbname=CJFDLAST2021&filename=ZJZM202122038&v=},
	abstract = {{\textless}正{\textgreater}20世纪90年代,东欧巨变和苏联解体后,一些国家纷纷开启经济社会转型之路。有些国家在转型过程中经济发展停滞,民生问题突出,导致社会问题丛生,国家陷入困境。有些国家,如乌克兰、格鲁吉亚、吉尔吉斯斯坦等原苏联地区在转型过程中多次发生政权更迭。白俄罗斯位于东欧平原,与俄罗斯、乌克兰、波兰和波罗的海三国接壤,地理位置重要。俄罗斯将白俄罗斯视为面向北约的重要缓冲区,西方国家也将白俄罗斯视作挤压俄罗斯战略空间的关键棋子。在这两势力对抗下,},
	language = {zh-CN},
	number = {22},
	journal = {中国军转民},
	author = {刘, 雷明 and 陈, 安奇},
	year = {2021},
	note = {3 citations(CNKI)[2023-2-5]},
	keywords = {“颜色革命”, 白俄罗斯, 明斯克, 总统选举},
	pages = {76--77},
	file = {浅谈白俄罗斯成功应对三次“颜色革命”的原因及启示_刘雷明.caj:C\:\\Users\\yuhangmeng\\Zotero\\storage\\LE4K4KU2\\浅谈白俄罗斯成功应对三次“颜色革命”的原因及启示_刘雷明.caj:application/octet-stream},
}

@article{__2007,
	title = {浅谈我国社会安全与稳定预警等级模型的建立},
	issn = {1005-1821},
	url = {https://kns.cnki.net/KCMS/detail/detail.aspx?dbcode=CJFD&dbname=CJFD2007&filename=GAYJ200701007&v=},
	abstract = {构建社会安全与稳定预警等级模型体系,通过预警标准和警情预报,可以及时有效地把握社会安全与稳定的形势,利于先行采取预防对策和快速实施科学决策。本文立足于我国经济社会发展现实状况,借鉴国内外公共管理理论和预警技术,利用统计分析、专家咨询、社会调查等多种方法,提出完整的、适宜我国大部分城市的社会安全与稳定预警指标体系和预警等级体系,重点是确立预警等级指标、预警指标权重、实际警情等级分值划分等,通过预警指标体系与等级标准的建立,为各地公安机关进行社会安全与稳定预警提供技术路径和参照模型。},
	language = {zh-CN},
	number = {1},
	journal = {公安研究},
	author = {魏, 永忠 and 吴, 绍忠},
	year = {2007},
	note = {20 citations(CNKI)[2023-2-5]},
	keywords = {模型, 标准, 社会安全稳定, 预警等级},
	pages = {32--38},
	file = {浅谈我国社会安全与稳定预警等级模型的建立_魏永忠.caj:C\:\\Users\\yuhangmeng\\Zotero\\storage\\SBDM6L9K\\浅谈我国社会安全与稳定预警等级模型的建立_魏永忠.caj:application/octet-stream},
}

@article{noauthor_srews_1994,
	title = {社会风险早期警报系统({SREWS})简介},
	issn = {1004-7069},
	url = {https://kns.cnki.net/KCMS/detail/detail.aspx?dbcode=CJFD&dbname=CJFD9495&filename=GGKF199403027&v=},
	abstract = {{\textless}正{\textgreater} 当社会系统运行过程中出现了管理者所不希望出现的结果或社会遭受损失的可能性时,就会出现社会风险。社会风险的主要表现有以下五种:(1)实施决策所带来的损失,这表明决策本身是错误的。1988年春夏关于加快速度,闯过物价改革"难关"的决策就是这样的例子,它引起了全国性的通货膨胀和抢购风},
	language = {zh-CN},
	number = {3},
	journal = {改革与开放},
	year = {1994},
	keywords = {社会风险, 失业率, 指数体系, SREWS},
	pages = {44--46},
	file = {社会风险早期警报系统(SREWS)简介.pdf:C\:\\Users\\yuhangmeng\\Zotero\\storage\\NZTIXGVI\\社会风险早期警报系统(SREWS)简介.pdf:application/pdf},
}

@phdthesis{__2014,
	type = {博士},
	title = {我国社会稳定风险评估问题研究},
	url = {https://kns.cnki.net/KCMS/detail/detail.aspx?dbcode=CDFD&dbname=CDFDLAST2017&filename=1015520745.nh&v=},
	abstract = {社会稳定风险评估是满足我国当前和未来社会安全需要的基础性工作,承载着我国各个社会历史发展阶段的经验总结,展现我国社会治理理念历史性与实践性的统一。在当前深化社会转型、经济发展、社会改革的背景趋势下,急需凝练各个方面、各个学科的研究成果,进行理论梳理和经验整合。我国的社会稳定观正在由刚性稳定向柔性稳定、绝对稳定向相对稳定、阶段稳定向持续稳定转变,这需要借鉴西方风险研究的成功经验,在心理、行为、决策各个领域将风险作为基础理论进行研究,加强风险理论的引进和积累,不断把握社会稳定中的风险特征。从根本上提升社会稳定风险评估的理论性和科学性,这是本研究的基本出发点。     只有推动社会稳定研究走向社会稳定风险研究,才能推动社会稳定风险评估走向科学和规范,才能真正满足风险理论的要求和稳定现实的需要。通过风险评估追求社会稳定应该是一项科学的价值追求,稳定应当是通过科学评估之后,得出在理论指导下相对合理的实践认识。在制度层面,社会稳定风险评估是一套科学的制度实践,并可在社会政策领域力图实现的现实目标,其核心是通过科学评估不断趋近于不稳蕴含的风险本质,保持对稳定风险状态的真实掌握。本研究运用风险的理论、视角和方法,从当前实践过程中遇到的问题出发,得出了常态化、规范化、系统化的科学原则是这项制度的发展方向,同时也是今后完善这项制度的基本要求。     为了满足这些科学原则,必须深入分析现实主义与建构主义、专家评估与民众需求、指标体系与人工建模在社会稳定风险评估研究的重要地位和作用,意识到这项制度的完善,必须通过这些科学原则的逐步实现才能真正完成。我国已经开始实施社会稳定风险评估政策,是针对某一项目、某一政策、某一技术等专门性的评估,不能替代广义上的社会稳定风险评估制度,我们不能据此开展了各个专项的社会稳定风险评估,就认为我们的社会稳定风险评估制度本应该如此。事实上,现有政策的实施缺乏理论设计,也缺乏与指标设置的协同,根本原因在于我们缺乏顶层的制度设计,而这些制度设计必须在科学原则的指导下,依赖完善相关技术路径得以完成,这是今后实践过程中要解决的具体技术问题。     社会稳定风险评估的技术路径建立在认识风险演变规律的基础上,对稳定风险爆发的时间和空间进行的科学排查,即加强风险评估、风险预测、风险监测、风险预警各个流程之间的全面性、系统性联系。从而在实践过程中解决不科学、不规范等问题,落实对风险演化不同阶段质与量的认知,即把握了对稳定质性的动态评估。其创新之处在于,要打破用静态指标分析稳定某一阶段状态,便做出动态结论或评价的错误倾向,真正推动在实际操作过程中,评估流程从偏向静态分析转向偏向动态评估。     社会稳定风险评估已经成为了国内推进重大事项决策科学化、民主化的重要工具,成为了减少社会矛盾和社会冲突的关键举措。新形势下,社会稳定风险评估制度要走向成熟与完善,要求风险意识与稳定能力的高度结合,必将是一个持续的、系统的社会管理制度创新过程。因此,社会治理是社会稳定风险评估制度完善的落脚点,其成果会对建立服务型政府、健全公共服务体系、重建社会信任、抵御现代社会危机起到决定性作用。},
	language = {zh-CN},
	school = {华中师范大学},
	author = {祝, 晓亮},
	collaborator = {夏, 玉珍},
	year = {2014},
	note = {12 citations(CNKI)[2023-2-5]},
	keywords = {社会稳定, 风险逻辑, 风险评估, 技术路径, 社会治理 Social Stability, Risk Assessment, Risk Logic, SocialGovernance, Technological Path},
	file = {我国社会稳定风险评估问题研究_祝晓亮.caj:C\:\\Users\\yuhangmeng\\Zotero\\storage\\SUWJ87G8\\我国社会稳定风险评估问题研究_祝晓亮.caj:application/octet-stream},
}

@article{wenqi_research_2021,
	title = {{RESEARCH} {ON} {FACTORS} {AFFECTING} {SOCIAL} {STABILITY} {RISK} {BASED} {ON} {DEMEATEL}-{ISM}},
	volume = {5},
	abstract = {Aiming at the social stability risk factors and other problems existing in road upgrading and reconstruction project construction, combined with practical examples, based on risk identification, the DEMEATEL-ISM method was used to establish a multi-level hierarchical structure model of social stability risk, and the social stability risk was estimated and analyzed. On this basis, the interaction mechanism between the factors affecting social stability is analyzed, the key risk factors of project construction are found out, and the corresponding measures are proposed to provide objective basis and mathematical model for the project to enhance and optimize the ability of risk prevention and solution.},
	language = {zh-CN},
	journal = {Business and Management Research},
	author = {Wenqi, Sun and Xuechun, Luo and Zaohong, Zhou and Road, Shengfu Beier},
	year = {2021},
	file = {Wenqi 等 - 2021 - RESEARCH ON FACTORS AFFECTING SOCIAL STABILITY RIS.pdf:C\:\\Users\\yuhangmeng\\Zotero\\storage\\YX4RP6IQ\\Wenqi 等 - 2021 - RESEARCH ON FACTORS AFFECTING SOCIAL STABILITY RIS.pdf:application/pdf},
}

@phdthesis{__2008,
	type = {博士},
	title = {我国省域中心城市公共危机预警机制与评价研究},
	url = {https://kns.cnki.net/KCMS/detail/detail.aspx?dbcode=CDFD&dbname=CDFD0911&filename=2009059873.nh&v=},
	abstract = {党的十七大报告高屋建瓴地提出了在改革发展的关键阶段,我们党治国理政、我们国家发展进步的一系列重大问题。公共危机管理是党的十七大再次强调的重要任务,是我国各级政府必须履行好的重要职责,也是各级领导干部必须掌握的重要本领。相对西方发达国家来说,我国在城市公共危机预警机制建设上还处于起步阶段,还存在很多不足和亟待解决的突出问题。主要表现为,我国城市公共危机预警机制缺乏统一协调,基本上实行的是分灾类、分部门、分地区的单一减灾管理模式。预警机制建设的滞后使我国地方各级政府在面对公共危机事件时经常处于被动地位,另一方面,城市系统的复杂性和脆弱性加剧了公共危机带来的损害。因此,构建科学、有效的省域中心城市公共危机预警机制,科学、准确地把握公共危机发生的前兆,将公共危机消灭于萌芽状态或最大限度地减小公共危机对全社会带来的破坏,保证城市以及社会经济的可持续、稳定发展成为当前亟待解决的突出问题。      本文依据公共危机管理理论、城市公共危机预警理论和新公共管理理论的研究,综合运用系统分析、实证分析和模型分析等方法对我国省域中心城市公共危机预警机制进行深入系统研究,并在归纳、总结和评析国外大城市公共危机预警机制的研究基础上,研究能够有效监测我国省域中心城市公共危机的预警方法和构建省域中心城市公共危机的预警机制。本文的研究对于完善我国城市公共危机管理理论和公共危机预警理论,提升对城市公共危机预警的管理效率和防范控制能力,保障新时期我国城市的健康稳定持续发展,具有重要的理论价值和现实指导意义。      首先,本文对城市公共危机预警及管理的相关理论进行研究,具体包括:公共危机的管理理论、公共危机预警理论和新公共管理理论。在对公共危机相关理论研究的基础上,突出了城市公共危机的特征研究,为论文的写作建立了支撑条件;界定了省域中心城市的内涵,分析了我国省域中心城市公共危机预警机制的现状,并找出了当前存在的一些突出问题及其形成原因,为建构城市公共危机预警机制提供前提条件;分析了国外一些发达国家,尤其是美国和日本关于大城市公共危机预警机制理论和实践的经验,为建立我国城市公共危机预警机制提供启示。      第二,在以上研究的基础上,指出了影响我国省域中心城市公共危机的不同诱因,从内部间接因素,包括经济、政治和文化因素,外显直接因素,包括组织、个体和管理因素,以及环境约束因素,包括自然环境和国际环境的影响三个方面展开论述。分析了我国省域中心城市公共危机的生成机理和演化过程,生成机理借助事件链理论、致灾因素突变模型和社会燃烧理论进行分析,演化过程则借助熵变理论进行分析,为我国省域中心城市公共危机预警机制建设奠定了基础。      第三,构建了适合我国省域中心城市的公共危机预警机制。建立了省域中心城市公共危机预警组织结构,并分析了预警组织结构各层级之间的协调关系。阐述了我国省域中心城市公共危机预警运行机制,包括城市公共危机预警的系统构造、运作流程和实施模式三个方面。提出了我国省域中心城市公共危机预警信息机制,包括信息监测机制、信息评判机制和信息公开机制,以及我国省域中心城市公共危机预警应急机制,并从应急决策机制和应急控制机制进行了分析。      第四,提出了我国省域中心城市公共危机预警机制的协同。运用协同学的基本理论和方法,界定了我国省域中心城市公共危机机制协同的内涵和理论依据,提出了城市公共危机预警机制协同的特征、原则、目标,以及实际水平和理想水平的差距,并根据我国城市公共危机的实际特征,借鉴国外发达国家城市公共危机管理的经验,提出了我国省域中心城市公共危机预警机制协同的总体思路和耦合模式。      第五,构建了我国省域中心城市公共危机预警评价指标体系,并对我国15所省域中心城市进行实证分析。本文构建了城市公共危机预警评价模型,包括危机评价不确定结论的合成模型、基于未确知测度的评价模型和基于三层前馈神经网络的预警模型。实证结果表明我国省域中心城市公共危机预警警度大多数都处于轻警,少部分城市处于中警,需要采用一定的预控措施。      最后,提出了保障我国省域中心城市公共危机预警机制有效运行的对策。其中,首要任务是全面整合省域中心城市公共危机预警管理组织体系,具体包括公共危机管理机构、学习教育机制、全民参与的管理机制和信息管理三个方面;其次需要建构城市公共危机预警管理的权责机制,包括权力划分机制、监督机制和责任机制三个部分;再次需要建立城市公共危机预警管理的信息公开机制;另外还需要完善城市公共危机预警管理的法律支撑保障体系。},
	language = {zh-CN},
	school = {哈尔滨工程大学},
	author = {刘, 鹏},
	collaborator = {李, 柏洲},
	year = {2008},
	note = {49 citations(CNKI)[2023-2-5]},
	keywords = {预警机制, 公共危机, 省域中心城市, 预警评价 Provincial central city, precaution evaluation, precaution mechanism, public crisis},
	file = {我国省域中心城市公共危机预警机制与评价研究.pdf:C\:\\Users\\yuhangmeng\\Zotero\\storage\\QGJZE3BI\\我国省域中心城市公共危机预警机制与评价研究.pdf:application/pdf},
}

@article{zhang_study_2022,
	title = {A {Study} on {Early} {Warnings} of {Financial} {Crisis} of {Chinese} {Listed} {Companies} {Based} on {DEA}–{SVM} {Model}},
	volume = {10},
	issn = {2227-7390},
	url = {https://www.mdpi.com/2227-7390/10/12/2142},
	doi = {10.3390/math10122142},
	abstract = {In the era of big data, investor sentiment will have an impact on personal decision making and asset pricing in the securities market. This paper uses the Easteconomy stock forum and Sina stock forum as the carrier of investor sentiment to measure the positive sentiment index based on stockholders’ comments and to construct an evaluation index system for the public opinion dimension. In addition, the evaluation index system is constructed from four dimensions, which include operation, innovation, ﬁnance and ﬁnancing, to evaluate the overall condition of listed companies from multiple perspectives. In this paper, the SBM model in the data envelopment analysis method is used to measure the efﬁciency values of each dimension of the multidimensional efﬁciency evaluation index system, and the efﬁciency values of each dimension are the multidimensional efﬁciency indicators. Subsequently, two sets of input feature indicators of the SVM model were established: one set contains traditional ﬁnancial indicators and multidimensional efﬁciency indicators, and another set has only traditional ﬁnancial indicators. The early warning accuracy of the two sets of input feature indicators was empirically analyzed based on the support vector machine early warning model. The results show that the early warning model incorporating multidimensional efﬁciency indicators has improved the accuracy compared with the early warning model based on traditional ﬁnancial indicators. Then, the model was optimized by the particle swarm intelligent optimization algorithm, and the robustness of the results was tested. Moreover, six mainstream machine learning methods, including Logistic Regression, GBDT, CatBoost, AdaBoost, Random Forest and Bagging, were used to compare with the early warning effect of the DEA–SVM model, and the empirical results show that DEA–SVM has high early warning accuracy, which proves the superiority of the proposed model. The ﬁndings of this study have a positive effect on further preventing and controlling the ﬁnancial crisis risk of Chinese-listed companies and promoting as well as facilitating the healthy growth of Chinese-listed companies.},
	language = {en},
	number = {12},
	urldate = {2023-02-05},
	journal = {Mathematics},
	author = {Zhang, Zhishuo and Xiao, Yao and Fu, Zitian and Zhong, Kaiyang and Niu, Huayong},
	month = jun,
	year = {2022},
	pages = {2142},
	file = {Zhang 等 - 2022 - A Study on Early Warnings of Financial Crisis of C.pdf:C\:\\Users\\yuhangmeng\\Zotero\\storage\\JGIFE5YH\\Zhang 等 - 2022 - A Study on Early Warnings of Financial Crisis of C.pdf:application/pdf},
}

@article{cao_influence_2021,
	title = {Influence of cluster shaped defects on fracture process of fiber bundle},
	volume = {70},
	issn = {1000-3290, 1000-3290},
	url = {https://wulixb.iphy.ac.cn/article/doi/10.7498/aps.70.20210310},
	doi = {10.7498/aps.70.20210310},
	abstract = {Defects that exist inside composites have an important effect on the tensile fracture properties of composites. The fiber bundle model is a theoretical model commonly used to study the tensile fracture properties of disorder materials. Existing work on fiber bundle models with single fiber defects shows that after single fiber defects are introduced into the fiber bundle model, the defects have a significant effect on the tensile fracture properties of the model. Since there are more complex microscopic defect structures in actual materials, such as voids, gaps, impurities, dislocations, micro-cracks, etc, it is necessary to build a multi-size defect model. In order to study the defects of different sizes and damage degrees existing in actual materials, the spatial size of the defect, the degree of defect and the distribution of fiber damage levels within the defect and other influencing factors are introduced to construct an extended fiber bundle model with cluster shaped defects. For the model, it is first assumed that the degree of defect of the fiber inside each cluster decays linearly from the center to the outside in two spatial attenuation forms: exponential decay and constant degree of defect. In the fiber bundle model of this cluster-shaped defect, the two most important factors are the number of defects \textit{α} and the upper limit of defect size \textit{β}. The numerical simulation method is used to analyze the influence of the number of defects, the upper limit of defect size, and spatial distribution of degree of defective fibers inside defect on the macroscopic mechanical properties and statistical properties of fracture when the model is subjected to quasi-static load borne under the nearest neighbor stress redistribution. Through the simulation analysis, it is found that owing to the overlapping competition mechanism of the defect spatial distribution, when the upper limit \textit{β} of the defect size is large, the influence of the number of defects on the system load capacity trends to saturation. Since the defect degree of the defect center fiber is proportional to the defect size, with the upper limit \textit{β} of the defect size increasing, its influence on the load capacity of the model becomes more and more significant. When large size defects exist, even if the number of defects is small, the load bearing performance of the material will be significantly reduced. The spatial distribution function of the damage degree of fiber inside the defect has no substantial influence on the above rules, and only changes the specific value of each fracture property. The simulation analysis results in this paper have certain theoretical significance in improving the mechanical properties of composite materials.},
	language = {zh},
	number = {20},
	urldate = {2023-02-05},
	journal = {Acta Phys. Sin.},
	author = {Cao, Zhen and Hao, Da-Peng and Tang, Gang and Xun, Zhi-Peng and Xia, Hui and {School of Materials and Physics, China University of Mining and Technology, Xuzhou 221116, China}},
	year = {2021},
	pages = {204602},
	file = {Cao 等 - 2021 - Influence of cluster shaped defects on fracture pr.pdf:C\:\\Users\\yuhangmeng\\Zotero\\storage\\JX6PKTVF\\Cao 等 - 2021 - Influence of cluster shaped defects on fracture pr.pdf:application/pdf},
}

@article{noauthor_chomage_nodate,
	title = {Chômage au sens du {BIT} et indicateurs sur le marché du travail (résultats de l’enquête emploi) ({BIT}) - troisième trimestre 2022},
	language = {zh-CN},
	file = {Chômage au sens du BIT et indicateurs sur le march.pdf:C\:\\Users\\yuhangmeng\\Zotero\\storage\\J6PR9JN6\\Chômage au sens du BIT et indicateurs sur le march.pdf:application/pdf},
}

@article{farah_contacts_nodate,
	title = {{CONTACTS} {LEAD} {MINISTRY}},
	language = {zh-CN},
	author = {Farah, Sabine and Revel, Bastien},
	file = {Farah 和 Revel - CONTACTS LEAD MINISTRY.pdf:C\:\\Users\\yuhangmeng\\Zotero\\storage\\ZRAREMYG\\Farah 和 Revel - CONTACTS LEAD MINISTRY.pdf:application/pdf},
}
